<?xml version="1.0" encoding="UTF-8"?><record xmlns="http://www.loc.gov/MARC21/slim" xmlns:cinclude="http://apache.org/cocoon/include/1.0" xmlns:zs="http://www.loc.gov/zing/srw/">
  <leader>00927nz  a2200169n  4500</leader>
  <controlfield tag="001">no2011019351</controlfield>
  <controlfield tag="003">DLC</controlfield>
  <controlfield tag="005">20110209075318.0</controlfield>
  <controlfield tag="008">110207n| acannaabn          |a aaa     c</controlfield>
  <datafield tag="010" ind1=" " ind2=" ">
    <subfield code="a">no2011019351</subfield>
  </datafield>
  <datafield tag="035" ind1=" " ind2=" ">
    <subfield code="a">(OCoLC)oca08760225</subfield>
  </datafield>
  <datafield tag="040" ind1=" " ind2=" ">
    <subfield code="a">PPiU-H</subfield>
    <subfield code="b">eng</subfield>
    <subfield code="c">PPiU-H</subfield>
  </datafield>
  <datafield tag="100" ind1="1" ind2=" ">
    <subfield code="a">Gilchrist, T. Caspar</subfield>
    <subfield code="q">(Thomas Caspar),</subfield>
    <subfield code="d">1862-1927</subfield>
  </datafield>
  <datafield tag="400" ind1="1" ind2=" ">
    <subfield code="a">Gilchrist, Thomas Caspar,</subfield>
    <subfield code="d">1862-1927</subfield>
  </datafield>
  <datafield tag="670" ind1=" " ind2=" ">
    <subfield code="a">Outline of common skin diseases, 1920:</subfield>
    <subfield code="b">t.p. (T. Casper [sic] Gilchrist, M.D.)</subfield>
  </datafield>
  <datafield tag="670" ind1=" " ind2=" ">
    <subfield code="a">Archives of dermatology and syphilology, Mar. 1928:</subfield>
    <subfield code="b">p. 391 (Thomas Caspar Gilchrist, M.D.; b. June 15, 1862, d. Nov. 14, 1927)</subfield>
  </datafield>
  <datafield tag="670" ind1=" " ind2=" ">
    <subfield code="a">OCLC, Feb. 7, 2011</subfield>
    <subfield code="b">(hdgs.: Gilchrist, T. Caspar (Thomas Caspar), 1862-1927; Gilchrist, T. Caspar; Gilchrist, T.C.; Gilchrist, Thomas Caspar, 1862-1927; Gilchrist, Thomas Caspar, 1862- ; Gilchrist, Thomas Caspar; Gilchrist, Thomas Casper; usage: T. Caspar Gilchrist; T. Casper Gilchrist; T.C. Gilchrist)</subfield>
  </datafield>
</record>